<record><leader>00000cas a22000007a 4500</leader><controlfield tag="001">27908928</controlfield><controlfield tag="008">930413d18uu189uctucr ne      0    0eng d</controlfield><datafield ind1=" " ind2=" " tag="010"><subfield code="a">sn 93053921 </subfield></datafield><datafield ind1=" " ind2=" " tag="040"><subfield code="a">CNW</subfield><subfield code="b">eng</subfield><subfield code="c">CNW</subfield><subfield code="d">OCL</subfield><subfield code="d">CNW</subfield><subfield code="d">OCLCQ</subfield><subfield code="d">OCLCF</subfield><subfield code="d">OCLCO</subfield></datafield><datafield ind1="1" ind2=" " tag="029"><subfield code="a">AU@</subfield><subfield code="b">000020736564</subfield></datafield><datafield ind1=" " ind2=" " tag="042"><subfield code="a">msc</subfield></datafield><datafield ind1=" " ind2=" " tag="043"><subfield code="a">n-us-ct</subfield></datafield><datafield ind1="0" ind2=" " tag="130"><subfield code="a">Times (Wallingford, Conn.)</subfield></datafield><datafield ind1="1" ind2="4" tag="245"><subfield code="a">The times.</subfield></datafield><datafield ind1=" " ind2=" " tag="260"><subfield code="a">Wallingford, Conn. :</subfield><subfield code="b">Mrs. F.W. Cone, ed.</subfield></datafield><datafield ind1=" " ind2=" " tag="300"><subfield code="a">v.</subfield></datafield><datafield ind1=" " ind2=" " tag="310"><subfield code="a">Semiweekly</subfield></datafield><datafield ind1=" " ind2=" " tag="530"><subfield code="a">Also issued on microfilm from Connecticut State Library, Hartford, CT.</subfield></datafield><datafield ind1=" " ind2=" " tag="580"><subfield code="a">Other editions available: Watertown times (Wallingford, Conn. : 1896), and: North Haven news (Wallingford, Conn. : 1896), and: Yalesville gazette).</subfield></datafield><datafield ind1=" " ind2=" " tag="588"><subfield code="a">Description based on: Vol. 12, no. 38 (Oct. 23, 1896).</subfield></datafield><datafield ind1=" " ind2="0" tag="651"><subfield code="a">Wallingford (Conn.)</subfield><subfield code="v">Newspapers.</subfield></datafield><datafield ind1=" " ind2="7" tag="655"><subfield code="a">Newspapers.</subfield><subfield code="2">fast</subfield><subfield code="0">(OCoLC)fst01423814</subfield></datafield><datafield ind1=" " ind2="7" tag="651"><subfield code="a">Connecticut</subfield><subfield code="z">Wallingford.</subfield><subfield code="2">fast</subfield><subfield code="0">(OCoLC)fst01205907</subfield></datafield><datafield ind1=" " ind2=" " tag="752"><subfield code="a">United States</subfield><subfield code="b">Connecticut</subfield><subfield code="c">New Haven</subfield><subfield code="d">Wallingford.</subfield></datafield><datafield ind1="1" ind2=" " tag="775"><subfield code="t">Watertown times (Wallingford, Conn. : 1896)</subfield></datafield><datafield ind1="1" ind2=" " tag="775"><subfield code="t">North Haven news (Wallingford, Conn. : 1896)</subfield></datafield><datafield ind1="1" ind2=" " tag="775"><subfield code="t">Yalesville gazette</subfield></datafield><datafield ind1="0" ind2=" " tag="777"><subfield code="t">Cheshire enterprise</subfield><subfield code="w">(DLC)sn 92005157</subfield><subfield code="w">(OCoLC)2717202</subfield></datafield></record>